{
  "leader": "04695cam a2200601 a 4500",
  "fields": [
    {
      "001": "ocm20724208\\"
    },
    {
      "003": "OCoLC"
    },
    {
      "005": "20220707160942.0"
    },
    {
      "008": "891116s1991\\\\\\\\nyua\\\\\\\\\\b\\\\\\\\001\\0\\eng\\\\"
    },
    {
      "007": "ta"
    },
    {
      "010": {
        "ind1": "\\",
        "ind2": "\\",
        "subfields": [
          {
            "a": "   89026656 "
          }
        ]
      }
    },
    {
      "040": {
        "ind1": "\\",
        "ind2": "\\",
        "subfields": [
          {
            "a": "DLC"
          },
          {
            "b": "eng"
          },
          {
            "c": "DLC"
          },
          {
            "d": "PMC"
          },
          {
            "d": "UKM"
          },
          {
            "d": "BAKER"
          },
          {
            "d": "NLGGC"
          },
          {
            "d": "BTCTA"
          },
          {
            "d": "YDXCP"
          },
          {
            "d": "GEBAY"
          },
          {
            "d": "ZWZ"
          },
          {
            "d": "TULIB"
          },
          {
            "d": "BDX"
          },
          {
            "d": "GBVCP"
          },
          {
            "d": "OCLCF"
          },
          {
            "d": "OCLCO"
          },
          {
            "d": "OCLCQ"
          },
          {
            "d": "DEBBG"
          },
          {
            "d": "DEBSZ"
          },
          {
            "d": "SE4M6"
          },
          {
            "d": "CNUTO"
          },
          {
            "d": "OCLCQ"
          },
          {
            "d": "DHA"
          },
          {
            "d": "UKUOY"
          },
          {
            "d": "TYC"
          },
          {
            "d": "NJR"
          },
          {
            "d": "CSJ"
          },
          {
            "d": "IPL"
          },
          {
            "d": "BUF"
          },
          {
            "d": "KIJ"
          },
          {
            "d": "VMW"
          },
          {
            "d": "OCLCQ"
          },
          {
            "d": "OCLCO"
          },
          {
            "d": "OCLCQ"
          },
          {
            "d": "CNO"
          },
          {
            "d": "ULY"
          },
          {
            "d": "GZM"
          },
          {
            "d": "EZC"
          },
          {
            "d": "OCLCQ"
          },
          {
            "d": "GILDS"
          },
          {
            "d": "BRL"
          },
          {
            "d": "OCLCQ"
          },
          {
            "d": "CEF"
          },
          {
            "d": "TKN"
          },
          {
            "d": "FQG"
          },
          {
            "d": "OCLCQ"
          },
          {
            "d": "PAU"
          },
          {
            "d": "CPO"
          },
          {
            "d": "NAM"
          },
          {
            "d": "BUB"
          },
          {
            "d": "FIE"
          },
          {
            "d": "URS"
          },
          {
            "d": "OCLCQ"
          },
          {
            "d": "COCUF"
          },
          {
            "d": "AU@"
          },
          {
            "d": "OCLCQ"
          },
          {
            "d": "OCLCA"
          },
          {
            "d": "OCLCQ"
          },
          {
            "d": "OCLCA"
          },
          {
            "d": "NLE"
          },
          {
            "d": "IL4J6"
          },
          {
            "d": "OCLCO"
          },
          {
            "d": "OCLCQ"
          },
          {
            "d": "OCLCO"
          }
        ]
      }
    },
    {
      "015": {
        "ind1": "\\",
        "ind2": "\\",
        "subfields": [
          {
            "a": "GB9229637"
          },
          {
            "2": "bnb"
          }
        ]
      }
    },
    {
      "015": {
        "ind1": "\\",
        "ind2": "\\",
        "subfields": [
          {
            "a": "GB92Y2064"
          },
          {
            "2": "bnb"
          }
        ]
      }
    },
    {
      "016": {
        "ind1": "7",
        "ind2": "\\",
        "subfields": [
          {
            "a": "019-50627"
          },
          {
            "2": "Uk"
          }
        ]
      }
    },
    {
      "019": {
        "ind1": "\\",
        "ind2": "\\",
        "subfields": [
          {
            "a": "27727604"
          },
          {
            "a": "788846006"
          },
          {
            "a": "813627802"
          },
          {
            "a": "976703393"
          },
          {
            "a": "1022737496"
          },
          {
            "a": "1057940124"
          },
          {
            "a": "1060800245"
          },
          {
            "a": "1066070569"
          },
          {
            "a": "1120814817"
          },
          {
            "a": "1167081113"
          },
          {
            "a": "1221721843"
          }
        ]
      }
    },
    {
      "020": {
        "ind1": "\\",
        "ind2": "\\",
        "subfields": [
          {
            "a": "019506271X"
          },
          {
            "q": "(alk. paper)"
          }
        ]
      }
    },
    {
      "020": {
        "ind1": "\\",
        "ind2": "\\",
        "subfields": [
          {
            "a": "9780195062717"
          },
          {
            "q": "(alk. paper)"
          }
        ]
      }
    },
    {
      "035": {
        "ind1": "\\",
        "ind2": "\\",
        "subfields": [
          {
            "a": "(OCoLC)20724208"
          },
          {
            "z": "(OCoLC)27727604"
          },
          {
            "z": "(OCoLC)788846006"
          },
          {
            "z": "(OCoLC)813627802"
          },
          {
            "z": "(OCoLC)976703393"
          },
          {
            "z": "(OCoLC)1022737496"
          },
          {
            "z": "(OCoLC)1057940124"
          },
          {
            "z": "(OCoLC)1060800245"
          },
          {
            "z": "(OCoLC)1066070569"
          },
          {
            "z": "(OCoLC)1120814817"
          },
          {
            "z": "(OCoLC)1167081113"
          },
          {
            "z": "(OCoLC)1221721843"
          }
        ]
      }
    },
    {
      "050": {
        "ind1": "0",
        "ind2": "0",
        "subfields": [
          {
            "a": "HG3881"
          },
          {
            "b": ".I575124 1991"
          }
        ]
      }
    },
    {
      "080": {
        "ind1": "\\",
        "ind2": "\\",
        "subfields": [
          {
            "a": "339.732"
          }
        ]
      }
    },
    {
      "080": {
        "ind1": "\\",
        "ind2": "\\",
        "subfields": [
          {
            "a": "336.71(09)"
          }
        ]
      }
    },
    {
      "080": {
        "ind1": "\\",
        "ind2": "\\",
        "subfields": [
          {
            "a": "339.732(09)"
          }
        ]
      }
    },
    {
      "082": {
        "ind1": "0",
        "ind2": "0",
        "subfields": [
          {
            "a": "332.1509034"
          },
          {
            "b": "INT"
          }
        ]
      }
    },
    {
      "245": {
        "ind1": "0",
        "ind2": "0",
        "subfields": [
          {
            "a": "International banking, 1870-1914 /"
          },
          {
            "c": "edited by Rondo Cameron and V.I. Bovykin with the assistance of Boris Anan\u02b9ich [and others]."
          }
        ]
      }
    },
    {
      "260": {
        "ind1": "\\",
        "ind2": "\\",
        "subfields": [
          {
            "a": "New York :"
          },
          {
            "b": "Oxford University Press,"
          },
          {
            "c": "1991."
          }
        ]
      }
    },
    {
      "300": {
        "ind1": "\\",
        "ind2": "\\",
        "subfields": [
          {
            "a": "xiv, 655 pages :"
          },
          {
            "b": "illustrations ;"
          },
          {
            "c": "25 cm"
          }
        ]
      }
    },
    {
      "336": {
        "ind1": "\\",
        "ind2": "\\",
        "subfields": [
          {
            "a": "text"
          },
          {
            "b": "txt"
          },
          {
            "2": "rdacontent"
          }
        ]
      }
    },
    {
      "337": {
        "ind1": "\\",
        "ind2": "\\",
        "subfields": [
          {
            "a": "unmediated"
          },
          {
            "b": "n"
          },
          {
            "2": "rdamedia"
          }
        ]
      }
    },
    {
      "338": {
        "ind1": "\\",
        "ind2": "\\",
        "subfields": [
          {
            "a": "volume"
          },
          {
            "b": "nc"
          },
          {
            "2": "rdacarrier"
          }
        ]
      }
    },
    {
      "500": {
        "ind1": "\\",
        "ind2": "\\",
        "subfields": [
          {
            "a": "Results of a study conceived at the Eighth International Economic History Congress in Budapest, 1982."
          }
        ]
      }
    },
    {
      "504": {
        "ind1": "\\",
        "ind2": "\\",
        "subfields": [
          {
            "a": "Includes bibliographical references (pages 539-625) and index."
          }
        ]
      }
    },
    {
      "505": {
        "ind1": "0",
        "ind2": "\\",
        "subfields": [
          {
            "a": "Great Britain / P.L. Cottrell -- U.S. banks in international finance / Vincent P. Carosso and Richard Sylla -- The case of the French banks / Hubert Bonin -- International aspects of the development of German banking / Richard Tilly -- Belgium / Herman Van der Wee and Martine Goossens -- The role of international factors in the formation of the banking system in Russia / V.I. Bovykin and B.V. Anan'ich -- Banking and finance in the Danish economy / Hans Christian Johansen -- Sweden / Ragnhild Lundstro\u0308m -- Banks and banking in Canada and Australia / Ian M. Drummond -- Japan / Kanji Ishii -- Foreign banks and foreign investment in the United States / Mira Wilkins -- Foreign banks and foreign investment in Russia / B.V. Anan'ich and V.I. Bovykin."
          }
        ]
      }
    },
    {
      "505": {
        "ind1": "0",
        "ind2": "\\",
        "subfields": [
          {
            "a": "Banking and financial relations between Russia and the United States / Ruth AmEnde Roosa -- The Austro-Hungarian banking system / Gyo\u0308rgy Ko\u0308ver -- Foreign capital in the Italian banking sector / Peter Hertner -- The banking system and foreign capital in Brazil / Maria Ba\u0301rbara Levy -- Extra-regional banks and investments in China / Frank H.H. King -- European banks in the Middle East / Jacques Thobie -- The oil industry / A.A. Fursenko -- Banking and the electrotechnical industry in Western Europe / Albert Broder -- Iron and Steel / Ulrich Wengenroth -- International Harvester and its competitors / Fred V. Carstensen."
          }
        ]
      }
    },
    {
      "583": {
        "ind1": "\\",
        "ind2": "\\",
        "subfields": [
          {
            "a": "commitment to retain"
          },
          {
            "c": "20151204"
          },
          {
            "2": "pda"
          },
          {
            "5": "OTUTLD"
          }
        ]
      }
    },
    {
      "650": {
        "ind1": "\\",
        "ind2": "0",
        "subfields": [
          {
            "a": "Banks and banking, International"
          },
          {
            "x": "History."
          }
        ]
      }
    },
    {
      "650": {
        "ind1": "\\",
        "ind2": "7",
        "subfields": [
          {
            "a": "Banks and banking, International."
          },
          {
            "2": "fast"
          },
          {
            "0": "(OCoLC)fst00827100"
          }
        ]
      }
    },
    {
      "655": {
        "ind1": "\\",
        "ind2": "7",
        "subfields": [
          {
            "a": "History."
          },
          {
            "2": "fast"
          },
          {
            "0": "(OCoLC)fst01411628"
          }
        ]
      }
    },
    {
      "700": {
        "ind1": "1",
        "ind2": "\\",
        "subfields": [
          {
            "a": "Cameron, Rondo E."
          }
        ]
      }
    },
    {
      "700": {
        "ind1": "1",
        "ind2": "\\",
        "subfields": [
          {
            "a": "Bovykin, V. I."
          },
          {
            "q": "(Valerii\u0306 Ivanovich),"
          },
          {
            "d": "1927-1998."
          }
        ]
      }
    },
    {
      "700": {
        "ind1": "1",
        "ind2": "\\",
        "subfields": [
          {
            "a": "Anan\u02b9ich, B. V."
          }
        ]
      }
    },
    {
      "776": {
        "ind1": "0",
        "ind2": "\\",
        "subfields": [
          {
            "w": "(OCoLC)791603798"
          },
          {
            "w": "(NO-TrBIB)06065581x"
          }
        ]
      }
    },
    {
      "856": {
        "ind1": "4",
        "ind2": "1",
        "subfields": [
          {
            "3": "1991."
          },
          {
            "u": "http://link.library.utoronto.ca/eir/EIRdetail.cfm?Resources__ID=1048511&T=F"
          }
        ]
      }
    },
    {
      "856": {
        "ind1": "4",
        "ind2": "1",
        "subfields": [
          {
            "3": "Table of contents"
          },
          {
            "u": "http://catdir.loc.gov/catdir/enhancements/fy0606/89026656-t.html"
          }
        ]
      }
    },
    {
      "856": {
        "ind1": "4",
        "ind2": "1",
        "subfields": [
          {
            "3": "Table of contents"
          },
          {
            "u": "http://www.gbv.de/dms/hbz/toc/ht004212285.PDF"
          }
        ]
      }
    },
    {
      "856": {
        "ind1": "4",
        "ind2": "1",
        "subfields": [
          {
            "3": "Table of contents"
          },
          {
            "u": "http://digitool.hbz-nrw.de:1801/webclient/DeliveryManager?pid=1069428&custom_att_2=simple_viewer"
          }
        ]
      }
    },
    {
      "856": {
        "ind1": "4",
        "ind2": "1",
        "subfields": [
          {
            "u": "http://link.library.utoronto.ca/eir/EIRdetail.cfm?Resources__ID=750746&T=F"
          }
        ]
      }
    },
    {
      "856": {
        "ind1": "4",
        "ind2": "1",
        "subfields": [
          {
            "u": "http://link.library.utoronto.ca/eir/EIRdetail.cfm?Resources__ID=452130&T=F"
          }
        ]
      }
    },
    {
      "856": {
        "ind1": "4",
        "ind2": "1",
        "subfields": [
          {
            "u": "https://eui.ent.sirsidynix.net.uk/client/en_GB/default/search/detailnonmodal/ent:{dollar}002f{dollar}002fSD_ILS{dollar}002f0{dollar}002fSD_ILS:392352/one"
          },
          {
            "z": "Full-text"
          }
        ]
      }
    },
    {
      "856": {
        "ind1": "4",
        "ind2": "2",
        "subfields": [
          {
            "3": "Publisher description"
          },
          {
            "u": "http://catdir.loc.gov/catdir/enhancements/fy0606/89026656-d.html"
          }
        ]
      }
    },
    {
      "994": {
        "ind1": "\\",
        "ind2": "\\",
        "subfields": [
          {
            "a": "Z0"
          },
          {
            "b": "NYRVC"
          }
        ]
      }
    },
    {
      "948": {
        "ind1": "\\",
        "ind2": "\\",
        "subfields": [
          {
            "h": "NO HOLDINGS IN NYRVC - 361 OTHER HOLDINGS"
          }
        ]
      }
    },
    {
      "999": {
        "ind1": "\\",
        "ind2": "\\",
        "subfields": [
          {
            "a": "00000000015411"
          }
        ]
      }
    }
  ]
}